<?xml version="1.0" encoding="UTF-8"?><record xmlns="http://www.loc.gov/MARC21/slim" xmlns:cinclude="http://apache.org/cocoon/include/1.0" xmlns:zs="http://www.loc.gov/zing/srw/">
  <leader>00416nz  a2200121n  4500</leader>
  <controlfield tag="001">n  86139013 </controlfield>
  <controlfield tag="003">DLC</controlfield>
  <controlfield tag="005">19861212121832.3</controlfield>
  <controlfield tag="008">861024n| acannaab|          |n aaa ||| a</controlfield>
  <datafield tag="010" ind1=" " ind2=" ">
    <subfield code="a">n  86139013 </subfield>
  </datafield>
  <datafield tag="040" ind1=" " ind2=" ">
    <subfield code="a">DNAL</subfield>
    <subfield code="c">DLC</subfield>
    <subfield code="d">DLC</subfield>
  </datafield>
  <datafield tag="100" ind1="1" ind2="0">
    <subfield code="a">Weigl, Gerhard,</subfield>
    <subfield code="d">1956-</subfield>
  </datafield>
  <datafield tag="670" ind1=" " ind2=" ">
    <subfield code="a">His Der Einfluss von Spezialisierungsgrad und -Richtung auf die HoĚhe und Sicherheit des Einkommens ... 1984:</subfield>
    <subfield code="b">t.p. (Gerhard Weigl) p. 253 (b. 5-5-56)</subfield>
  </datafield>
</record>